<record><leader>01442cam a2200385Ii 45 0</leader><controlfield tag="001">6815179</controlfield><controlfield tag="003">OCoLC</controlfield><controlfield tag="005">20150304105434.0</controlfield><controlfield tag="008">140705t20152014nyu           000 1 eng d</controlfield><datafield ind1=" " ind2=" " tag="020"><subfield code="a">9781476714295</subfield></datafield><datafield ind1=" " ind2=" " tag="020"><subfield code="a">1476714290</subfield></datafield><datafield ind1=" " ind2=" " tag="035"><subfield code="a">ocn883147507</subfield></datafield><datafield ind1=" " ind2=" " tag="040"><subfield code="a">BTCTA</subfield><subfield code="b">eng</subfield><subfield code="e">rda</subfield><subfield code="c">BTCTA</subfield><subfield code="d">BDX</subfield><subfield code="d">IZ2dARDC</subfield></datafield><datafield ind1=" " ind2=" " tag="043"><subfield code="a">e-uk-en</subfield></datafield><datafield ind1="0" ind2="4" tag="082"><subfield code="a">813/.6</subfield><subfield code="2">23</subfield></datafield><datafield ind1=" " ind2=" " tag="090"><subfield code="a">LIN</subfield><subfield code="b">ARDC</subfield></datafield><datafield ind1="1" ind2=" " tag="100"><subfield code="a">Lindsey, Johanna,</subfield><subfield code="e">author.</subfield></datafield><datafield ind1="1" ind2="0" tag="245"><subfield code="a">Stormy persuasion /</subfield><subfield code="c">Johanna Lindsey.</subfield></datafield><datafield ind1=" " ind2=" " tag="250"><subfield code="a">First Pocket Books paperback edition.</subfield></datafield><datafield ind1=" " ind2="1" tag="264"><subfield code="a">New York, NY :</subfield><subfield code="b">Pocket Books, a division of Simon &amp; Schuster, Inc.,</subfield><subfield code="c">2015.</subfield></datafield><datafield ind1=" " ind2="4" tag="264"><subfield code="c">&#169;2014</subfield></datafield><datafield ind1=" " ind2=" " tag="300"><subfield code="a">375 pages ;</subfield><subfield code="c">17 cm.</subfield></datafield><datafield ind1=" " ind2=" " tag="336"><subfield code="a">text</subfield><subfield code="b">txt</subfield><subfield code="2">rdacontent</subfield></datafield><datafield ind1=" " ind2=" " tag="337"><subfield code="a">unmediated</subfield><subfield code="b">n</subfield><subfield code="2">rdamedia</subfield></datafield><datafield ind1=" " ind2=" " tag="338"><subfield code="a">volume</subfield><subfield code="b">nc</subfield><subfield code="2">rdacarrier</subfield></datafield><datafield ind1="1" ind2=" " tag="490"><subfield code="a">A Malory novel</subfield></datafield><datafield ind1=" " ind2=" " tag="500"><subfield code="a">Includes excerpt of author's Wildfire in his arms.</subfield></datafield><datafield ind1=" " ind2=" " tag="520"><subfield code="a">Postponing her London debut to join her cousin and best friend in America, Judith Malory meets deckhand Nathan Tremayne, an undercover smuggler who is escaping a death sentence.</subfield></datafield><datafield ind1=" " ind2=" " tag="596"><subfield code="a">35</subfield></datafield><datafield ind1=" " ind2="0" tag="650"><subfield code="a">Malory family (Fictitious characters)</subfield><subfield code="v">Fiction.</subfield></datafield><datafield ind1=" " ind2="0" tag="650"><subfield code="a">Aristocracy (Social class)</subfield><subfield code="z">England</subfield><subfield code="v">Fiction.</subfield></datafield><datafield ind1=" " ind2="0" tag="650"><subfield code="a">Man-woman relationships</subfield><subfield code="v">Fiction.</subfield></datafield><datafield ind1=" " ind2="0" tag="650"><subfield code="a">Smugglers</subfield><subfield code="v">Fiction.</subfield></datafield><datafield ind1="1" ind2=" " tag="800"><subfield code="a">Lindsey, Johanna.</subfield><subfield code="t">Malory novel.</subfield></datafield><datafield ind1=" " ind2=" " tag="926"><subfield code="a">LIN</subfield><subfield code="w">LC</subfield><subfield code="c">1</subfield><subfield code="i">30125302525661</subfield><subfield code="l">PAPERBACKS</subfield><subfield code="m">RED_DEER_C</subfield><subfield code="r">Y</subfield><subfield code="s">Y</subfield><subfield code="t">BOOK</subfield><subfield code="u">3/4/2015</subfield></datafield></record>